%%%%%-------Ejemplo de libro------%%%%%%%
@book{nombreLibro,
 title={Titulo del libro},
 author={ApellidoAutorUno, NombreAutorUno  and ApellidoDos, NombreDos and ApellidoTres, NombreTres},
 publisher={Editor - Pais},
 edition={Edición},
 year={Año},
 nationality={Paraguay}
}
%%%o bajar desde internet el formato bibtex

@book{ogata,
  title={Ingenier{\'\i}a de control moderna},
  author={Ogata, K.},
  publisher={Pearson Educaci{\'o}n - México},
  edition={Third},
  year={2003},
  series={Pearson educaci{\'o}n},
  url={http://books.google.com.py/books?id= QK148EPC\_m0C},
  isbn={9788420536781}
}

%%%-----Ejemplo de artículo-----%%%%%%%%

@article{nombreArticulo,
title={Titulo del artículo},
author={ApellidoAutorUno, N. U.  and ApellidoDos, N. D. and ApellidoTres, N. T.},
journal={Nombre de la revista},
year={Año de publicacion},
month={Mes},
volume={4}, 
number={1},
pages={26-64}
}

@INPROCEEDINGS{7778443, 
author={M. Rivera and S. Toledo}, 
booktitle={2016 IEEE International Conference on Automatica (ICA-ACCA)}, 
title={Recommendations for writing research papers}, 
year={2016}, 
volume={}, 
number={}, 
pages={1-5}, 
doi={10.1109/ICA-ACCA.2016.7778443}, 
ISSN={}, 
month={Oct},}

%%%----Ejemplo de pagina de internet---%%%%

@online{NombrePagina,
title={Nombre de la pagina},
url={www.dedondesalio.com},
month={Mes},
year={Año}
}

@misc {cubesatspec,
    author = "Arash Mehrparvar",
    title  = "CubeSat Design Specification Rev. 13",
    note= "https://www.cubesat.org/resources",
    month= {Abril},
    year   = "2015"
}


@book{yazdani2010voltage,
author= {Yazdani, A. and Iravani, R.},
  title={Voltage-Sourced Converters in Power Systems: Modeling, Control, and Applications},
  isbn={9780470551561},
  lccn={2009052122},
  url={http://books.google.com.py/books?id=XZvoeFzPchoC},
  year={2010},
  publisher={Wiley - Inglaterra}
}

%Ejemplo de cita TFG de la fiuna
@tfg{TFG1,
  title={Análisis y evaluación de algoritmos de control digital basado en sistemas operativos RTOS, aplicados a un motor DC},
  author={Toledo, Sergio},
  school={Facultad de Ingeniería - UNA},
  year={2011},
  publisher={FIUNA}
}

@book{ogata2003ingenieria,
  title={Ingenier{\'\i}a de control moderna},
  author={Ogata, K.},
  isbn={9788420536781},
  series={Pearson educaci{\'o}n},
  url={https://books.google.com.py/books?id=QK148EPC\_m0C},
  year={2003},
  publisher={Pearson Educaci{\'o}n}
}
%Sputnik
@book{sputnik,
  title={Russia's sputnik generation: Soviet baby boomers talk about their lives},
  author={Raleigh, Donald J},
  year={2006},
  publisher={Indiana University Press}
}
%Prado
@phdthesis{prado,
  title={Sistema de Simulaci{\'o}n para pruebas de algoritmos de orientaci{\'o}n y control de sat{\'e}lites peque{\~n}os},
  author={Prado, J},
  year={2007},
  school={Tesis de Doctorado. Programa de maestr{\'\i}a y doctorado en Ingenier{\'\i}a, Facultad~…}
}
%Calibracion
@phdthesis{calibracion,
  title={Calibraci{\'o}n de Girosc{\'o}picos para eliminar la deriva en un sistema de navegaci{\'o}n inercial de un nanisat{\'e}lite},
  author={Elguera, J},
  year={2015},
  school={Tesis de maestr{\'\i}a. Programa de maestr{\'\i}a y doctorado en Ingenier{\'\i}a, Facultad~…}
}
%MAGNetorquers
@article{kamm1961magnetorquer,
  title={Magnetorquer-A Satellite Orientation Device},
  author={Kamm, LJ},
  journal={ARS Journal},
  volume={31},
  number={6},
  pages={813--815},
  year={1961}
}
%Standar cubesat 
@inproceedings{puig2001development,
  title={Development of the standard CubeSat deployer and a CubeSat class PicoSatellite},
  author={Puig-Suari, Jordi and Turner, Clark and Ahlgren, William},
  booktitle={2001 IEEE Aerospace Conference Proceedings (Cat. No. 01TH8542)},
  volume={1},
  pages={1--347},
  year={2001},
  organization={IEEE}
}
%cubesats modernos
@article{shiroma2011cubesats,
  title={CubeSats: A bright future for nanosatellites},
  author={Shiroma, Wayne and Martin, Larry and Akagi, Justin and Akagi, Jason and Wolfe, Byron and Fewell, Bryan and Ohta, Aaron},
  journal={Open Engineering},
  volume={1},
  number={1},
  pages={9--15},
  year={2011},
  publisher={Versita}
}


%smallsatellites
@article{smallsatellites,
  title={A survey of small satellites domain: challenges, applications and communications key issues},
  author={Burlacu, Maria-Mihaela and Lorenz, Pascal},
  journal={ICaST, Institute for Computer Sciences, Social-Informatics and Telecommunications Engineering (ICST)},
  pages={1--11},
  year={2010}
}
%AEP
@misc{politicasaep1,
   author = {AEP},
    title = {Política {E}spacial del {P}araguay: {U}na herramienta más para el desarrollo y defensa nacional},
   note = {p. 5--12. 2018},
    year = {2018},
   howpublished = {\href{http://www.aep.gov.py/application/files/1715/4714/1298/DECRETO1092-g3dwgvki.PDF.pdf}},
 }
 @online{politicasaep,
title={Política {E}spacial del {P}araguay: {U}na herramienta más para el desarrollo y defensa nacional},
url={http://www.aep.gov.py/application/files/1715
/4714/1298/DECRETO1092-g3dwgvki.PDF.pdf},
month={Enero},
year={2020}
}

% TRL
\begin{comment}
@article{TRL,
  title={Technology {R}eadiness {L}evels},
  author={Mankins, John C},
  journal={White Paper, April},
  volume={6},
  year={1995},
  url={https://aiaa.kavi.com/apps/group_public/download.php/2212/TRLs_Mankins20Paper_1995.pdf}
}
\end{comment}
% helmholtz coil
@article{Hhcoil,
  title={Generalization of helmholtz coil problem},
  author={D. M. Petrovik and M. D. Radic},
  journal={Serbian Journal of Electrical Engineering},
  volume={12},
  number={3},
  pages={375–384},
  year={2015}
}
%Proyecto MarCo 
@inproceedings{poppenk2007design,
  title={Design and application of a Helmholtz cage for testing nano-satellites},
  author={Poppenk, Fedde M and Amini, R and Brouwer, GF},
  booktitle={ESA-ESTEC 6th International Symposium on Environmental Testing for Space Programmes},
  volume={12},
  pages={14},
  year={2007}
}
%Reingenieria
@phdthesis{Reingenieria,
  title={Um framework para valida{\c{c}}{\~a}o autom{\'a}tica de modelos aplicado ao subsistema de energia de um picossat{\'e}lite},
  author={Rodrigues, Italo Pinto},
  year={2015},
  school={Master’s thesis, Instituto Nacional de Pesquisas Espaciais (INPE), S{\~a}o Jos{\'e}~…}
  }
%cubesat creacion
@article{cubesat,
  title={CubeSat: A new generation of picosatellite for education and industry low-cost space experimentation},
  author={Heidt, Hank and Puig-Suari, Jordi and Moore, Augustus and Nakasuka, Shinichi and Twiggs, Robert},
  year={2000}
}
%Capacity Building
@book{capacity,
  title={Capacity-building: An approach to people-centred development},
  author={Eade, Deborah},
  year={1997},
  publisher={Oxfam}
}

% projectos de nasa
@misc{standarnasa,
    author = {NASA},
    title={NASA Systems Engineering Handbook},
    note = {p. 17--33.},
    year = {2007},
    howpublished = {\href{https://www.nasa.gov/sites/default/files/atoms/files/nasa_systems_engineering_handbook_0.pdf}{\faExternalLink}},
    }
    %Articulo de la aem
@article{artaem,
  title={Cuál es el tamaño ideal de un satélite?},
  author={Carlos Duarte Muñoz},
  journal={Revista Hacia el Espacio, de divulgación de la ciencia y tecnología espacial de la Agencia Espacial Mexicana.},
  volume={57},
  number={},
  pages={},
  year={2017}
}
@article{twiggs2011cubesats,
  title={CubeSats},
  author={Twiggs, R and Malphrus, B and Wertz, JR and Everett, DF and Puschell, JJ},
  journal={Space mission engineering: The new smad},
  pages={803--821},
  year={2011},
  publisher={Hawthorne, CA, USA: Microcosm Press}
}
@article{inamori2011attitude,
  title={Attitude stabilization for the nano remote sensing satellite PRISM},
  author={Inamori, Takaya and Shimizu, Kensuke and Mikawa, Yoshinori and Tanaka, Toshiki and Nakasuka, Shinichi},
  journal={Journal of Aerospace Engineering},
  volume={26},
  number={3},
  pages={594--602},
  year={2011},
  publisher={American Society of Civil Engineers}
}
@article{nakamura2005extensible,
  title={Extensible Boom-Based Optical System for Nano-Scale Remote Sensing Satellite" PRISM"},
  author={Nakamura, Yuya and Funase, Ryu and Nagai, Masaki and Enokuchi, Akito and Nojiri, Yuta and Funane, Tsukasa and Sasaki, Fumiki and Nakasuka, Shinichi},
  year={2005}
}
@article{sarda2008canadian,
  title={Canadian advanced nanospace experiment 2: On-orbit experiences with a three-kilogram satellite},
  author={Sarda, Karan and Grant, Cordell and Eagleson, Stuart and Kekez, Daniel and Zee, Robert},
  year={2008}
}
@inproceedings{sarda2010canadian,
  title={Canadian advanced nanospace experiment 2 orbit operations: two years of pushing the nanosatellite performance envelope},
  author={Sarda, Karan and Grant, Cordell and Eagleson, Stuart and Kekez, Daniel D and Zee, Robert E},
  booktitle={ESA small satellites, services and systems symposium},
  volume={20},
  year={2010}
}
@article{scholz2010flight,
  title={Flight results of the COMPASS-1 picosatellite mission},
  author={Scholz, Artur and Ley, Wilfried and Dachwald, Bernd and Miau, Jiun-Jih and Juang, Jyh-Chin},
  journal={Acta Astronautica},
  volume={67},
  number={9-10},
  pages={1289--1298},
  year={2010},
  publisher={Elsevier}
}
@article{giesselmann2006development,
  title={Development of an active magnetic attitude determination and control system for picosatellites on highly inclined circular low earth orbits},
  author={Gie{\ss}elmann, Jens},
  year={2006}
}
@article{springmann2014flight,
  title={Flight results of a low-cost attitude determination system},
  author={Springmann, John C and Cutler, James W},
  journal={Acta Astronautica},
  volume={99},
  pages={201--214},
  year={2014},
  publisher={Elsevier}
}
@article{ali2015design,
  title={Design, implementation, and thermal modeling of embedded reconfigurable magnetorquer system for nanosatellites},
  author={Ali, Anwar and Mughal, M Rizwan and Ali, Haider and Reyneri, Leonardo M and Aman, M Naveed},
  journal={IEEE Transactions on Aerospace and Electronic Systems},
  volume={51},
  number={4},
  pages={2669--2679},
  year={2015},
  publisher={IEEE}
}

@article{li2013design,
  title={Design of attitude control systems for CubeSat-class nanosatellite},
  author={Li, Junquan and Post, Mark and Wright, Thomas and Lee, Regina},
  journal={Journal of Control Science and Engineering},
  volume={2013},
  year={2013},
  publisher={Hindawi}
}
% libro de evolucion satelital
@book{fortescue2011spacecraft,
  title={Spacecraft systems engineering},
  author={Fortescue, Peter and Swinerd, Graham and Stark, John},
  year={2011},
  publisher={John Wiley \& Sons}
}

@article{cachia2016feasibility,
  title={Feasibility study of a PocketQube platform to host an ionospheric impedance probe},
  author={Cachia, Darren and Camilleri, Jonathan and Azzopardi, Marc Anthony and Angling, Matthew and Sammut, Andrew},
  year={2016},
  publisher={European Space Agency (ESA)}
}

@book{feuerbacher2006utilization,
  title={Utilization of Space: today and tomorrow},
  author={Feuerbacher, Berndt and Stoewer, Heinz},
  volume={211},
  year={2006},
  publisher={Springer Science \& Business Media}
}

@book{wertz2012spacecraft,
  title={Spacecraft attitude determination and control},
  author={Wertz, James R},
  volume={73},
  year={2012},
  publisher={Springer Science \& Business Media}
}

@article{sturm2005magnetic,
  title={Magnetic attitude estimation of a tumbling spacecraft},
  author={Sturm II, Erick Jonathan},
  journal={California Polytechnic State University},
  year={2005}
}

@book{vallado2001fundamentals,
  title={Fundamentals of astrodynamics and applications},
  author={Vallado, David A},
  volume={12},
  year={2001},
  publisher={Springer Science \& Business Media}
}

@book{wie2008space,
  title={Space vehicle dynamics and control},
  author={Wie, Bong},
  year={2008},
  publisher={American Institute of Aeronautics and Astronautics}
}

@phdthesis{junaid2015development,
  title={The development of a hardware-in-the-loop platform for the attitude determination and control testing of a small satellite},
  author={Junaid, Muhammad},
  year={2015},
  school={Stellenbosch: Stellenbosch University}
}

@article{gomes2016develop,
  title={Development of a reliable and low cost miniaturized Reaction Wheel System for CubeSat applications},
  author={Gomes, Ricardo Filipe Pereira},
  journal={T{\'e}cnico Lisboa, April},
  year={2016}
}

@inproceedings{madgwick2011estimation,
  title={Estimation of IMU and MARG orientation using a gradient descent algorithm},
  author={Madgwick, Sebastian OH and Harrison, Andrew JL and Vaidyanathan, Ravi},
  booktitle={2011 IEEE international conference on rehabilitation robotics},
  pages={1-7},
  year={2011},
  organization={IEEE}
}

%datasheet AK8963c
@online{ak8963,
title={A{K}8963 3-axis Electronic Compass, {D}atasheet},
url={https://download.mikroe.com/documents/data sheets/ ak8963c-datasheet.pdf},
month={Noviembre},
year={2020}
}

%paper donde usa AK8963c
@article{cellmagnetometer,
title={Using Cellphone Magnetometers for
Science on CubeSats},
author={ Pondera, Brandon M. and Sheinker, Arie  and Moldwin, Mark B.},
journal={Journal Of Small Satellites},
year={2006},
volume={5}, 
number={2},
pages={449-456}
}

%datasheet MPU-6500
@online{mpu6500,
title={InvenSense {MPU}-6500, {D}atasheet},
url={https://invensense.tdk.com/download-pdf/mpu-6500-datasheet},
month={Noviembre},
year={2020}
}

@phdthesis{botma2011design,
  title={The Design and Development of an ADCS OBC for a CubeSat},
  author={Botma, Pieter Johannes},
  year={2011},
  school={Stellenbosch: Stellenbosch University}
}

%cubesat UOS3 AK8963c
@article{cubesatUOS3,
title={ENHANCING SPACEFLIGHT SAFETY WITH UOS3 CUBESAT},
author={Lidtke, Aleksander A and Rumpf, Clemens and Tatnall, Adrian and Lewis, Hugh G and Walker, Scott J and Taylor, Mia and Fear, Robert C and Weddell, Alex S and Maunder, Robert G and Bantock, James RB},
journal={1st Symposium on Space Educational Activities, Padova, Italy},
year={2015}
}

%datasheet AtmelSAMD21
@online{atmSAMD,
title={Atmel {ATSAMD21G18}, {D}atasheet},
url= {https://cdn.sparkfun.com/datasheets/Dev/Ardu ino/Boards/Atmel-42181-SAM-D21-Datasheet.pdf},
month={Noviembre},
year={2020}
}
@online{datampu92,
title={{MPU}-9250, {D}atasheet},
url= {https://www.mouser.fr/datasheet/2/400/PS-MPU-9250A-01-v1.1-1313803.pdf},
month={Noviembre},
year={2020}
}

@online{spk9imu,
title={Sparkfun {9DoF Razor IMU M0}, {I}magen},
url= {https://www.sparkfun.com/products/retired/14001},
month={Noviembre},
year={2020}
}


%cite mey para magne y actuadores
@phdthesis{mey2011development,
  title={Development of attitude controllers and actuators for a solar sail Cubesat},
  author={Mey, Philip Hendrik},
  year={2011},
  school={Stellenbosch: University of Stellenbosch}
}

@book{askeland2010science,
  title={The science and engineering of materials 6th edition},
  author={Askeland, Donald R and Fulay, PP and Wright, WJ},
  year={2010},
  publisher={Springer}
}
% ecuacion de dipolo magnetico
@phdthesis{bellini2014magnetic,
  title={Magnetic actuators for nanosatellite attitude control},
  author={Bellini, Niccolo'},
  year={2014},
  school={University of Bologna}
}

@article{sumaya2016robust,
  title={Robust reaction wheel attitude control of satellites},
  author={Sumaya, N and Laila, BM and Johnson, Y},
  journal={International Journal of Scientific \& Engineering Research},
  volume={7},
  number={4},
  pages={599--608},
  year={2016}
}
%calculo de pares de perturbacion
@mastersthesis{sorolla2019study,
  title={Study and Design of the attitude control of a cubesat 1U based on reaction wheels},
  author={Sorolla Bayod, Paula},
  type={{B.S.} thesis},
  year={2019},
  school={Universitat Polit{\`e}cnica de Catalunya}
}
%fallas en bldc
@article{ramesh2013field,
  title={Field Oriented Control for Space Vector Modulation Based Brushless DC Motor Drive},
  author={Ramesh, MV and Amarnath, J and Kamakshaiah, S and Balakrishna, M},
  journal={International Journal of Advanced Research in Electrical, Electronics and Instrumentation Engineering},
  volume={2},
  number={9},
  pages={4231--4238},
  year={2013}
}
@article{microchip2003brushless,
  title={Brushless {DC (BLDC)} Motor Fundamentals” by {P}admaraja {Y}edamale},
  author={Microchip, Application Note AN885},
  journal={Microchip Technology Inc},
  year={2003}
}
@online{eachine,
title={Eachine 1102-11500{KV} {D}atasheet},
url= {https://www.eachine.com/Eachine-1102-11500KV-1-2S-Brushless-Motor-for-Aurora-68-Mini-Racing-Drone-p-760.html},
month={Noviembre},
year={2020}
}
% ALGORITMO MADGWICK EN PAPER adcs
@inproceedings{oland2017attitude,
  title={Attitude determination and control system for satellites in elliptical orbits—A complete solution},
  author={Oland, Espen},
  booktitle={2017 8th International Conference on Recent Advances in Space Technologies (RAST)},
  pages={79--84},
  year={2017},
  organization={IEEE}
}
% tesis de auret para leyes de control de actitud
@phdthesis{auret2012design,
  title={Design of an aerodynamic attitude control system for a CubeSat},
  author={Auret, Jacoba},
  year={2012},
  school={Stellenbosch: Stellenbosch University}
}
%tesis para inercia cad
@article{quadrino2014testing,
  title={Testing the attitude determination and control of a CubeSat with hardware-in-the-loop [Master’s thesis]},
  author={Quadrino, MK},
  journal={Cambridge: Massachusetts Institute of Technology},
  year={2014}
}

@book{wertz2011space,
  title={Space mission engineering: the new {SMAD}},
  author={Wertz, James R and Everett, David F and Puschell, Jeffery J},
  year={2011},
  publisher={Microcosm Press}
}
%sunight
@phdthesis{janse2015design,
  title={The design and simulation analysis of an attitude determination and control system for a small earth observation satellite},
  author={Janse van Vuuren, Gerhard Hermann},
  year={2015},
  school={Stellenbosch: Stellenbosch University}
}

%datasheet driver mx
@online{mx1508data,
title={{MX}1508, {D}atasheet},
url= { https://sales.dzsc.com/486222.html},
month={Noviembre},
year={2020}
}
%imagen driver mx
@online{mx1508imag,
title={Modulo Driver {MX}1508},
url= {https://www.naylampmechatronics.com/drivers/395-driver-puente-h-mx1508.html},
month={Noviembre},
year={2020}
}
%sistema ESC el porque
@mastersthesis{baldursson2005bldc,
  title={Bldc motor modelling and control-a {M}atlab{\textregistered} {S}imulink{\textregistered} implementation},
  author={Baldursson, Stefan},
  year={2005}
}
%sistema de deteccion emf
@phdthesis{shao2003direct,
  title={Direct back {EMF} detection method for sensorless brushless {DC (BLDC)} motor drives},
  author={Shao, Jianwen},
  year={2003},
  school={Virginia Tech}
}
%imagen driver blheli
@online{bhelimag,
title={LittleBee BLHeli-S 20A},
url= {https://fvt-littlebee.com/},
month={Noviembre},
year={2020}
}

%datasheet AK09911
@online{ak09911,
title={Asahi Kasei Microsystems AK09911 , Datasheet},
url= {https://www.alldatasheet.com/datasheet-pdf/pdf/917546/AKM/AK09911.html},
month={Diciembre},
year={2020}
}

%motor BLDC de rohid chandan
@misc {bldcrohid,
    author = "Chandan Rohit ",
    title  = "Mathematical Modeling and Close loop speed control of BLDC motor in FAN-load application",
    note= "https://www.mathworks.com/matlabcentral/fileexchange/59992-mathematical-modeling-and-close-loop-speed-control-of-bldc-motor-in-fan-load-application",
    month= {Diciembre},
    year   = "2020"
}

%datasheet bluetooth smirfsilver
@online{bluetoothBlueSMiRF ,
title={SparkFun Bluetooth Modem-BlueSMiRF Silver, Datasheet},
url= {https://www.sparkfun.com/products/12577},
month={Diciembre},
year={2020}
}
%paper fano helmholtz
@article{fano2017campo,
  title={El Campo Magn{\'e}tico Generado por las Bobinas de Helmholtz y sus Aplicaciones a Calibraci{\'o}n de Sondas},
  author={Fano, Walter Gustavo and Alonso, Ramiro and Quintana, Gonzalo},
  journal={Elektron},
  volume={1},
  number={2},
  pages={91--96},
  year={2017}
}
%paper helmholtz poligonales
@article{lu2013simulation,
  title={Simulation for the polygonal coil magnetic field},
  author={L{\"U}, Xiang and TIAN, Jianbo},
  journal={Progress in Applied Mathematics},
  volume={6},
  number={2},
  pages={44--50},
  year={2013}
}

@book{griffin2004space,
  title={Space vehicle design},
  author={Griffin, Michael Douglas},
  year={2004},
  publisher={AIAA}
}
%error rms
@article{sabatini2006quaternion,
  title={Quaternion-based extended Kalman filter for determining orientation by inertial and magnetic sensing},
  author={Sabatini, Angelo M},
  journal={IEEE transactions on Biomedical Engineering},
  volume={53},
  number={7},
  pages={1346--1356},
  year={2006},
  publisher={IEEE}
}
%pinhata rig
@article{weaver2013exocube,
  title={ExoCube and a Gravity Gradient ADCS},
  author={Weaver, Jeff},
  year={2013}
}
%zona muerta de control magnetico
@article{carrara2017itasat,
  title={The ITASAT cubesat development and design},
  author={Carrara, Valdemir and Januzi, Rafael Barbosa and Makita, Daniel Hideaki and Santos, Luis Felipe de Paula and Sato, Lidia Shibuya},
  journal={Journal of Aerospace Technology and Management},
  volume={9},
  number={2},
  pages={147--156},
  year={2017},
  publisher={SciELO Brasil}
}
%no linealidad en rueda
@article{hoevenaars2012design,
  title={Design, Integration and Verification of the Delfi-n3Xt Reaction Wheel System},
  author={Hoevenaars, Antonius GL},
  year={2012}
}

@online{imadata,
title={Tabla de datos físicos de imanes de neodimio},
url= {https://www.imamagnets.com/imanes-de-neodimio/},
month={Noviembre},
year={2020}
}

@online{cubewheeldata,
title={CubeWheel {S}mall, {D}atasheet},
url= {https://www.cubesatshop.com/wp-content/uploads/2016/06/CubeWheel\_Specsheet\_V1.1.jpg},
month={Noviembre},
year={2020}
}
%referencia de campo
@phdthesis{gerber20143,
  title={A 3-axis attitude control system hardware design for a cubesat},
  author={Gerber, Jako},
  year={2014},
  school={Stellenbosch: Stellenbosch University}
}
@article{astrom1995pid,
  title={PID controllers: Theory, Design, and Tuning 2nd Ed.. Instr},
  author={Astrom, KJ and Hagglund, T},
  journal={Society of America},
  year={1995}
}